@misc{pytorch,
  author = {PyTorch},
  title = {ResNet50},
  year = 2017,
  howpublished = {\url{https://pytorch.org/vision/main/models/generated/torchvision.models.resnet50.html}},
  note = {Accessed March 29, 2023}
}